<collection>
<record>
<leader>05061cpcaa22007217i 4500</leader>
<controlfield tag="001">22287818</controlfield>
<controlfield tag="005">20240919133013.0</controlfield>
<controlfield tag="008">211027k19802004xx eng </controlfield>
<datafield ind1=" " ind2=" " tag="906">
<subfield code="a">7</subfield>
<subfield code="b">cbc</subfield>
<subfield code="c">orignew</subfield>
<subfield code="d">u</subfield>
<subfield code="e">ncip</subfield>
<subfield code="f">20</subfield>
<subfield code="g">y-folklife</subfield>
</datafield>
<datafield ind1=" " ind2=" " tag="955">
<subfield code="a">jhock 2021-10-27</subfield>
<subfield code="a">hh20 2022-1-28 on order to AFC</subfield>
<subfield code="a">sludewig 2023-04-12</subfield>
<subfield code="a">sludewig 2023-04-18</subfield>
<subfield code="a">sludewig 2023-04-23</subfield>
<subfield code="a">sludewig 2023-05-02</subfield>
<subfield code="a">mseg 2024-01-03</subfield>
<subfield code="a">masmit 2024-03-22</subfield>
<subfield code="a">sludewig 2024-03-26</subfield>
<subfield code="a">masmit 2024-07-03</subfield>
<subfield code="a">sludewig 2024-09-19</subfield>
</datafield>
<datafield ind1=" " ind2=" " tag="010">
<subfield code="a"> 2023655239</subfield>
</datafield>
<datafield ind1=" " ind2=" " tag="040">
<subfield code="a">DLC</subfield>
<subfield code="b">eng</subfield>
<subfield code="e">dacs</subfield>
<subfield code="c">DLC</subfield>
</datafield>
<datafield ind1=" " ind2=" " tag="043">
<subfield code="a">e-ru---</subfield>
<subfield code="a">e-pl---</subfield>
<subfield code="a">n-us-ca</subfield>
<subfield code="a">n-us-or</subfield>
<subfield code="a">n-us-pa</subfield>
</datafield>
<datafield ind1=" " ind2=" " tag="090">
<subfield code="a">
RGC 3071-3078, RGC 3078, RGC 4146-4206 (DATs); RYI 6644, RYS 3763-3781, RYS 3783, RYS 3785-3817, RYS 3820-4087, RYS 4222 (sound cassettes)
</subfield>
</datafield>
<datafield ind1=" " ind2=" " tag="090">
<subfield code="a">VAT 2756-2778 (videos)</subfield>
</datafield>
<datafield ind1=" " ind2=" " tag="090">
<subfield code="a">AFC 2022/003</subfield>
</datafield>
<datafield ind1="0" ind2="0" tag="245">
<subfield code="a">
Margarita Mazo Old Believer and Molokan collection,
</subfield>
<subfield code="f">1973-2020,</subfield>
<subfield code="g">bulk 1980-2004.</subfield>
</datafield>
<datafield ind1=" " ind2=" " tag="300">
<subfield code="3">whole collection</subfield>
<subfield code="a">approximately 7,213</subfield>
<subfield code="f">items</subfield>
</datafield>
<datafield ind1=" " ind2=" " tag="300">
<subfield code="3">manuscripts</subfield>
<subfield code="a">4,188</subfield>
<subfield code="f">documents</subfield>
</datafield>
<datafield ind1=" " ind2=" " tag="300">
<subfield code="3">manuscripts</subfield>
<subfield code="a">110 document files (WPD, DOCX, RTF, ASC, TXT) :</subfield>
<subfield code="b">digital</subfield>
</datafield>
<datafield ind1=" " ind2=" " tag="300">
<subfield code="3">sound recordings</subfield>
<subfield code="a">323 sound cassettes :</subfield>
<subfield code="b">analog</subfield>
</datafield>
<datafield ind1=" " ind2=" " tag="300">
<subfield code="3">sound recordings</subfield>
<subfield code="a">69 sound cassettes (DAT) :</subfield>
<subfield code="b">digital</subfield>
</datafield>
<datafield ind1=" " ind2=" " tag="300">
<subfield code="3">moving images</subfield>
<subfield code="a">23 videocassettes (VHS) :</subfield>
<subfield code="b">analog</subfield>
</datafield>
<datafield ind1=" " ind2=" " tag="300">
<subfield code="3">graphic materials</subfield>
<subfield code="a">2 photographs :</subfield>
<subfield code="b">film negatives, black and white ;</subfield>
<subfield code="c">35mm</subfield>
</datafield>
<datafield ind1=" " ind2=" " tag="300">
<subfield code="3">graphic materials</subfield>
<subfield code="a">859 photographs :</subfield>
<subfield code="b">film negatives, color ;</subfield>
<subfield code="c">35mm</subfield>
</datafield>
<datafield ind1=" " ind2=" " tag="300">
<subfield code="3">graphic materials</subfield>
<subfield code="a">4 photographs :</subfield>
<subfield code="b">film negatives, color ;</subfield>
<subfield code="c">120mm</subfield>
</datafield>
<datafield ind1=" " ind2=" " tag="300">
<subfield code="3">graphic materials</subfield>
<subfield code="a">419 photographs :</subfield>
<subfield code="b">color slides ;</subfield>
<subfield code="c">35mm</subfield>
</datafield>
<datafield ind1=" " ind2=" " tag="300">
<subfield code="3">graphic materials</subfield>
<subfield code="a">1,165 photographs :</subfield>
<subfield code="b">prints, color ;</subfield>
<subfield code="c">various sizes</subfield>
</datafield>
<datafield ind1=" " ind2=" " tag="300">
<subfield code="3">graphic materials</subfield>
<subfield code="a">48 photographs :</subfield>
<subfield code="b">prints, black and white ;</subfield>
<subfield code="c">various sizes</subfield>
</datafield>
<datafield ind1=" " ind2=" " tag="300">
<subfield code="3">electronic media</subfield>
<subfield code="a">1 floppy disk :</subfield>
<subfield code="b">digital ;</subfield>
<subfield code="c">3 1/2 in.</subfield>
</datafield>
<datafield ind1=" " ind2=" " tag="520">
<subfield code="a">
Collection of field recordings, photographs, and manuscripts created by ethnomusicologist Margarita Mazo. Mazo's research and fieldwork focuses on two sects of Spiritual Christians that split from the Russian Orthodox Church: Molokans and Old Believers. Mazo's research explores music and religious expression for these two religious sects and the ways diasporic communities maintain and adapt traditions. The collection includes documentation of Molokan and Old Believer communities in Stavropol, Tula, and Moscow, Russia and in Poland as well as diasporic Molokan and Old Believer communities in California, Oregon, and Pennsylvania in the United States.
</subfield>
</datafield>
<datafield ind1="8" ind2=" " tag="524">
<subfield code="a">
Margarita Mazo Old Believer and Molokan collection (AFC 2022/003), American Folklife Center, Library of Congress, Washington, D.C.
</subfield>
</datafield>
<datafield ind1="0" ind2=" " tag="506">
<subfield code="a">
Collection is open for research. To request materials, please contact the Folklife Reading Room at
</subfield>
<subfield code="u">https://hdl.loc.gov/loc.afc/folklife.contact</subfield>
</datafield>
<datafield ind1=" " ind2=" " tag="540">
<subfield code="a">
The rights in this collection held by Margarita Mazo are goverened by copyright for the full duration under copyright law. Additionally, Molokan materials may not be duplicated without Mazo's permisssion. According to acquisitions forms on file with AFC, after Mazo's lifetime, permission for duplication of Molokan materials must be granted by the Molokan communities of origin. Rights belonging to third parties may be goverened by copyright and other restrictions.
</subfield>
</datafield>
<datafield ind1=" " ind2=" " tag="541">
<subfield code="a">Margarita Mazo;</subfield>
<subfield code="c">Purchase;</subfield>
<subfield code="d">2021.</subfield>
</datafield>
<datafield ind1="0" ind2=" " tag="545">
<subfield code="a">
Margarita Mazo is a professor emerita at the Ohio State University, where she founded a program in Cognitive Ethnomusicology. She holds a PhD from the Leningrad (St. Petersburg) Conservatory where her research focused on Russian music. She has held teaching positions at the Leningrad (St. Petersburg) Conservatory, the New England Conservatory of Music, and Harvard University.
</subfield>
</datafield>
<datafield ind1=" " ind2=" " tag="546">
<subfield code="a">In English and Russian.</subfield>
</datafield>
<datafield ind1="0" ind2=" " tag="555">
<subfield code="a">Finding aid is available online</subfield>
<subfield code="u">https://hdl.loc.gov/loc.afc/eadafc.af023012</subfield>
</datafield>
<datafield ind1="2" ind2="0" tag="611">
<subfield code="a">Festival of American Folklife</subfield>
<subfield code="d">(1988 :</subfield>
<subfield code="c">Washington, D.C.)</subfield>
</datafield>
<datafield ind1="2" ind2="0" tag="611">
<subfield code="a">Festival of American Folklife</subfield>
<subfield code="d">(1995 :</subfield>
<subfield code="c">Washington, D.C.)</subfield>
</datafield>
<datafield ind1=" " ind2="0" tag="650">
<subfield code="a">Christian sects</subfield>
<subfield code="z">Poland.</subfield>
</datafield>
<datafield ind1=" " ind2="0" tag="650">
<subfield code="a">Christian sects</subfield>
<subfield code="z">Russia.</subfield>
</datafield>
<datafield ind1=" " ind2="0" tag="650">
<subfield code="a">Folk festivals</subfield>
<subfield code="z">Russia.</subfield>
</datafield>
<datafield ind1=" " ind2="0" tag="650">
<subfield code="a">Folk festivals</subfield>
<subfield code="z">United States.</subfield>
</datafield>
<datafield ind1=" " ind2="0" tag="650">
<subfield code="a">Molokans.</subfield>
</datafield>
<datafield ind1=" " ind2="0" tag="650">
<subfield code="a">Molokans</subfield>
<subfield code="x">Liturgy.</subfield>
</datafield>
<datafield ind1=" " ind2="0" tag="650">
<subfield code="a">Music</subfield>
<subfield code="x">Religious aspects.</subfield>
</datafield>
<datafield ind1=" " ind2="0" tag="650">
<subfield code="a">Old Believers.</subfield>
</datafield>
<datafield ind1=" " ind2="0" tag="650">
<subfield code="a">Old Believers</subfield>
<subfield code="x">Liturgy.</subfield>
</datafield>
<datafield ind1=" " ind2="0" tag="650">
<subfield code="a">Russian diaspora.</subfield>
</datafield>
<datafield ind1=" " ind2="0" tag="650">
<subfield code="a">Russians</subfield>
<subfield code="z">California.</subfield>
</datafield>
<datafield ind1=" " ind2="0" tag="650">
<subfield code="a">Russians</subfield>
<subfield code="z">Oregon.</subfield>
</datafield>
<datafield ind1=" " ind2="0" tag="650">
<subfield code="a">Russians</subfield>
<subfield code="z">Pennsylvania.</subfield>
</datafield>
<datafield ind1=" " ind2="7" tag="655">
<subfield code="a">Field recordings.</subfield>
<subfield code="2">lcgft</subfield>
</datafield>
<datafield ind1=" " ind2="7" tag="655">
<subfield code="a">Sound recordings.</subfield>
<subfield code="2">lcgft</subfield>
</datafield>
<datafield ind1=" " ind2="7" tag="655">
<subfield code="a">Video recordings.</subfield>
<subfield code="2">lcgft</subfield>
</datafield>
<datafield ind1=" " ind2="7" tag="655">
<subfield code="a">Photographs.</subfield>
<subfield code="2">lcgft</subfield>
</datafield>
<datafield ind1=" " ind2="7" tag="655">
<subfield code="a">Manuscripts.</subfield>
<subfield code="2">aat</subfield>
</datafield>
<datafield ind1="1" ind2=" " tag="700">
<subfield code="a">Mazo, Margarita,</subfield>
<subfield code="e">collector.</subfield>
</datafield>
<datafield ind1=" " ind2=" " tag="852">
<subfield code="a">Library of Congress</subfield>
<subfield code="b">American Folklife Center,</subfield>
<subfield code="e">
101 Independence Ave. S.E., Washington, DC USA 20540-4610
</subfield>
<subfield code="u">https://hdl.loc.gov/loc.afc/folklife.home</subfield>
</datafield>
<datafield ind1="4" ind2="2" tag="856">
<subfield code="3">Finding aid</subfield>
<subfield code="u">https://hdl.loc.gov/loc.afc/eadafc.af023012</subfield>
</datafield>
<datafield ind1=" " ind2=" " tag="985">
<subfield code="a">afc/coll</subfield>
</datafield>
<datafield ind1=" " ind2=" " tag="985">
<subfield code="a">afc/ead</subfield>
</datafield>
</record>
</collection>